<?xml version="1.0" encoding="UTF-8"?>
<collection xmlns:xsi="http://www.w3.org/2001/XMLSchema-instance" xsi:schemaLocation="http://www.loc.gov/MARC21/slim http://www.loc.gov/standards/marcxml/schema/MARC21slim.xsd" xmlns="http://www.loc.gov/MARC21/slim">
<record>
  <leader>04854cam a22005771a 4500</leader>
  <controlfield tag="001">2537464</controlfield>
  <controlfield tag="003">NNC</controlfield>
  <controlfield tag="005">20160623143734.0</controlfield>
  <controlfield tag="008">910116m19531977ua       b    000 0 arar </controlfield>
  <datafield tag="010" ind1=" " ind2=" ">
    <subfield code="a">   60028992 </subfield>
  </datafield>
  <datafield tag="029" ind1="1" ind2=" ">
    <subfield code="a">AU@</subfield>
    <subfield code="b">000013882512</subfield>
  </datafield>
  <datafield tag="029" ind1="1" ind2=" ">
    <subfield code="a">AU@</subfield>
    <subfield code="b">000026989932</subfield>
  </datafield>
  <datafield tag="035" ind1=" " ind2=" ">
    <subfield code="a">(OCoLC)ocm22972168</subfield>
  </datafield>
  <datafield tag="035" ind1=" " ind2=" ">
    <subfield code="a">(OCoLC)22972168</subfield>
  </datafield>
  <datafield tag="035" ind1=" " ind2=" ">
    <subfield code="a">(NNC)2537464</subfield>
  </datafield>
  <datafield tag="040" ind1=" " ind2=" ">
    <subfield code="a">DLC</subfield>
    <subfield code="b">eng</subfield>
    <subfield code="c">WAU</subfield>
    <subfield code="d">DLC</subfield>
    <subfield code="d">CLU</subfield>
    <subfield code="d">IUL</subfield>
    <subfield code="d">STF</subfield>
    <subfield code="d">ORZ</subfield>
    <subfield code="d">OKU</subfield>
    <subfield code="d">IUL</subfield>
    <subfield code="d">OCLCA</subfield>
    <subfield code="d">OCLCF</subfield>
    <subfield code="d">OCLCQ</subfield>
  </datafield>
  <datafield tag="042" ind1=" " ind2=" ">
    <subfield code="a">premarc</subfield>
  </datafield>
  <datafield tag="050" ind1="0" ind2="0">
    <subfield code="a">DT95.8</subfield>
    <subfield code="b">.I36</subfield>
  </datafield>
  <datafield tag="050" ind1=" " ind2="4">
    <subfield code="a">DT95.5</subfield>
    <subfield code="b">.I2 1953</subfield>
  </datafield>
  <datafield tag="066" ind1=" " ind2=" ">
    <subfield code="c">(3</subfield>
  </datafield>
  <datafield tag="100" ind1="1" ind2=" ">
    <subfield code="6">880-01</subfield>
    <subfield code="a">Ibn Wāṣil, Muḥammad ibn Sālim,</subfield>
    <subfield code="d">1207 or 1208-1297 or 1298.</subfield>
  </datafield>
  <datafield tag="245" ind1="1" ind2="0">
    <subfield code="6">880-02</subfield>
    <subfield code="a">Mufarrij al-kurūb fī akhbār Banī Ayyūb /</subfield>
    <subfield code="c">taʼlīf Jamāl al-Dīn Muḥammad ibn Sālim ibn Wāṣil ; nasharahu li-awwal marratan ʻan makhṭūṭāt Kambiridj wa-Bārīs wa-Istānbūl wa-ḍabaṭahu wa-ḥaqqaqahu wa-ʻallaqa ḥawāshīhi wa-qaddama lahu wa-waḍaʻ fahārisahu Jamāl al-Dīn al-Shayyāl.</subfield>
  </datafield>
  <datafield tag="246" ind1="1" ind2="5">
    <subfield code="a">Mufarrij al-kurub fi akhbar Bani Ayyub; the history of the Ayyubids</subfield>
  </datafield>
  <datafield tag="260" ind1=" " ind2=" ">
    <subfield code="6">880-03</subfield>
    <subfield code="a">[Cairo] :</subfield>
    <subfield code="b">Maṭbaʻat Jāmiʻat Fuʼād al-Awwal,</subfield>
    <subfield code="c">1953-1977.</subfield>
  </datafield>
  <datafield tag="300" ind1=" " ind2=" ">
    <subfield code="a">5 v. ;</subfield>
    <subfield code="c">25 cm.</subfield>
  </datafield>
  <datafield tag="336" ind1=" " ind2=" ">
    <subfield code="a">text</subfield>
    <subfield code="b">txt</subfield>
    <subfield code="2">rdacontent</subfield>
  </datafield>
  <datafield tag="337" ind1=" " ind2=" ">
    <subfield code="a">unmediated</subfield>
    <subfield code="b">n</subfield>
    <subfield code="2">rdamedia</subfield>
  </datafield>
  <datafield tag="338" ind1=" " ind2=" ">
    <subfield code="a">volume</subfield>
    <subfield code="b">nc</subfield>
    <subfield code="2">rdacarrier</subfield>
  </datafield>
  <datafield tag="490" ind1="1" ind2=" ">
    <subfield code="6">880-04</subfield>
    <subfield code="a">Maṭbūʻāt Idārat Iḥyāʼ al-Turāth al-Qadīm, Wizārat al-Maʻārif al-Miṣrīyah, Idārat al-Thaqāfah al-ʻĀmmah</subfield>
  </datafield>
  <datafield tag="500" ind1=" " ind2=" ">
    <subfield code="a">Imprint varies.</subfield>
  </datafield>
  <datafield tag="504" ind1=" " ind2=" ">
    <subfield code="a">Includes bibliographical references.</subfield>
  </datafield>
  <datafield tag="505" ind1="0" ind2=" ">
    <subfield code="6">880-05</subfield>
    <subfield code="a">al-juzʼ 1. Wa-yantahá bi-mawt Nūr al-Dīn Maḥmūd ibn Zankī fī sanat 569 H -- al-juzʼ 2. ʻAṣr Ṣalāḥ al-Dīn (569-589 H) -- al-juzʼ 3. ʻAṣr Awlād Ṣalāḥ al-Dīn (590-615 H) -- al-juzʼ 4. (615 H-628 H), ḥaqqaqahu wa-waḍaʻa ḥawāshiyahu Ḥasnayn Muḥammad Rabīʻ, rājaʻahu wa-qaddama la-hu Saʻīd ʻAbd al-Fattāḥ ʻĀshūr. -- al-juzʼ 5. (629-645 H/1231-1248 M), ḥaqqaqahu wa-waḍaʻa ḥawāshiyahu Ḥasanayn Muḥammad Rabīʻ, rājaʻahu wa-qaddama la-hu Saʻīd ʻAbd al-Fattāḥ ʻĀshūr.</subfield>
  </datafield>
  <datafield tag="650" ind1=" " ind2="0">
    <subfield code="a">Ayyubids.</subfield>
  </datafield>
  <datafield tag="650" ind1=" " ind2="7">
    <subfield code="a">Ayyubids.</subfield>
    <subfield code="2">fast</subfield>
    <subfield code="0">(OCoLC)fst00824598</subfield>
  </datafield>
  <datafield tag="700" ind1="1" ind2=" ">
    <subfield code="6">880-06</subfield>
    <subfield code="a">Shayyāl, Jamāl al-Dīn.</subfield>
  </datafield>
  <datafield tag="700" ind1="1" ind2=" ">
    <subfield code="6">880-07</subfield>
    <subfield code="a">Rabīʻ, Ḥasanayn Muḥammad.</subfield>
  </datafield>
  <datafield tag="700" ind1="1" ind2=" ">
    <subfield code="6">880-08</subfield>
    <subfield code="a">ʻĀshūr, Saʻīd ʻAbd al-Fattāḥ.</subfield>
  </datafield>
  <datafield tag="776" ind1="0" ind2="8">
    <subfield code="i">Online version:</subfield>
    <subfield code="a">Ibn Wāṣil, Muḥammad ibn Sālim, 1207 or 8-1297 or 8.</subfield>
    <subfield code="s">Mufarrij al-kurūb fī akhbār Banī Ayyūb.</subfield>
    <subfield code="t">Mufarrij al-kurūb fī akhbār Banī Ayyūb.</subfield>
    <subfield code="d">[Cairo] : Maṭbaʻat Jāmiʻat Fuʼād al-Awwal, 1953-</subfield>
    <subfield code="w">(OCoLC)562992835</subfield>
  </datafield>
  <datafield tag="776" ind1="0" ind2="8">
    <subfield code="i">Online version:</subfield>
    <subfield code="a">Ibn Wāṣil, Muḥammad ibn Sālim, 1207 or 8-1297 or 8.</subfield>
    <subfield code="s">Mufarrij al-kurūb fī akhbār Banī Ayyūb.</subfield>
    <subfield code="t">Mufarrij al-kurūb fī akhbār Banī Ayyūb.</subfield>
    <subfield code="d">[Cairo] : Maṭbaʻat Jāmiʻat Fuʼād al-Awwal, 1953-</subfield>
    <subfield code="w">(OCoLC)608144618</subfield>
  </datafield>
  <datafield tag="830" ind1=" " ind2="0">
    <subfield code="6">880-09</subfield>
    <subfield code="a">Maṭbūʻāt Idārat Iḥyāʼ al-Turāth al-Qadīm, Wizārat al-Maʻārif al-Miṣrīyah, Idārat al-Thaqāfah al-ʻĀmmah.</subfield>
  </datafield>
  <datafield tag="880" ind1="1" ind2=" ">
    <subfield code="6">100-01/(3/r</subfield>
    <subfield code="a">ابن واصل، محمد بن سالم،,</subfield>
    <subfield code="d">1207 or 1208-1297 or 1298.</subfield>
  </datafield>
  <datafield tag="880" ind1="1" ind2="0">
    <subfield code="6">245-02/(3/r</subfield>
    <subfield code="a">مفرج الكروب فى أخبار بنى ايوب /</subfield>
    <subfield code="c">تأليف جمال الدين محمد بن سالم بن واصل. نشره لاول مرة عن مخطوطات كمبردج وباريس واستانبول وضبطه وحققه وعلق حواشيه وقدم له ووضع فهارسه جمال الدين شبال.</subfield>
  </datafield>
  <datafield tag="880" ind1=" " ind2=" ">
    <subfield code="6">260-03/(3/r</subfield>
    <subfield code="a">[القاهرة] :</subfield>
    <subfield code="b">مطبعة جامعة فؤاد الاول،</subfield>
    <subfield code="c">1953-</subfield>
  </datafield>
  <datafield tag="880" ind1="0" ind2=" ">
    <subfield code="6">490-04/(3/r</subfield>
    <subfield code="a">مطبوعات ادارة احياء التراث القديم، وزارة المعارف المصرية، ادارة الثقافة العانة</subfield>
  </datafield>
  <datafield tag="880" ind1="0" ind2=" ">
    <subfield code="6">505-05/(3/r</subfield>
    <subfield code="a">الجزء 1. وينتهى بموت نور الدين محمود بن زنكي في سنة 569 هـ -- الجزء 2. عصر صلاح الدين (569-589 هـ) -- الجزء 3. عصر اولاد صلاح الدين (590-615 هـ) -- الجزء 4. (615 هـ-628 هـ)، حققه ووضع حواشيه حسنين محمد ربيع، راجعه وقدم له سعيد عبد الفتاح عاشور -- الجزء 5. (629-645 هـ/1231-1248 م)، حققه ووضع حواشيه حسنين محمد ربيع، راجعه وقدم له سعيد عبد الفتاح عاشور.</subfield>
  </datafield>
  <datafield tag="880" ind1="1" ind2=" ">
    <subfield code="6">700-06/(3/r</subfield>
    <subfield code="a">شيال، جمال الدين.</subfield>
  </datafield>
  <datafield tag="880" ind1="1" ind2=" ">
    <subfield code="6">700-07/(3/r</subfield>
    <subfield code="a">ربيع، حسنين محمد.</subfield>
  </datafield>
  <datafield tag="880" ind1="1" ind2=" ">
    <subfield code="6">700-08/(3/r</subfield>
    <subfield code="a">عاشور، سعيد عبد الفتاح.</subfield>
  </datafield>
  <datafield tag="880" ind1=" " ind2="0">
    <subfield code="6">830-09/(3/r</subfield>
    <subfield code="a">مطبوعات ادارة احياء التراث القديم، وزارة المعارف المصرية، ادارة الثقافة العانة</subfield>
  </datafield>
  <datafield tag="955" ind1=" " ind2=" ">
    <subfield code="b">CU69578524</subfield>
    <subfield code="d">off,glx</subfield>
    <subfield code="e">DT95.8 .I26</subfield>
    <subfield code="v">v.1</subfield>
  </datafield>
</record>
</collection>